@Online{fraunhofer:2014,
	author = {Markus Schneider and Matthias Enzmann and Martin Stopczynski},
	title = {Web-Tracking-Report 2014},
	url = {https://www.sit.fraunhofer.de/fileadmin/dokumente/studien_und_technical_reports/Web_Tracking_Report_2014.pdf},
	year = {2014},
	urldate = {2018-04-10}
}

@Online{google-analytics:2018,
	author = {Google LLC},
	title = {Google Analytics},
	url = {https://www.google.de/analytics/index.html},
	year = {2018},
	urldate = {2018-04-10}
}

@Online{zuck:2018,
	author = {Mark Zuckerberg},
	title = {HEARING BEFORE THE UNITED STATES HOUSE OF REPRESENTATIVES COMMITTEE ON ENERGY AND COMMERCE. Testimony of Mark Zuckerberg},
	url = {http://docs.house.gov/meetings/IF/IF00/20180411/108090/HHRG-115-IF00-Wstate-ZuckerbergM-20180411.pdf},
	year = {2018},
	urldate = {2018-04-10}
}
@Online{face:2018,
	author = {Heise},
	title = {facebook},
	url = {https://www.heise.de/newsticker/meldung/Facebook-weiss-nicht-welche-Daten-Cambridge-Analytica-besitzt-4012005.html/},
	year = {2018},
	urldate = {2018-04-12}
}

@Online{ryte:2018,
	author = {ryte},
	title = {ryte},
	url = {https://de.ryte.com/wiki/Webanalyse/},
	year = {2018},
	urldate = {2018-04-12}
}
@Online{facebook,
	author = {Facebook},
	title = {facebook},
	url = {https://www.facebook.com/},
	year = {2018},
	urldate = {2018-04-10}
}

@Online{eu-datenschutz-grundverordnung,
	author = {Europäisches Parlament},
	title = {VERORDNUNG (EU) 2016/679 DES EUROPÄISCHEN PARLAMENTS UND DES RATES vom 27. April 2016 zum Schutz natürlicher Personen bei der Verarbeitung personenbezogener Daten, zum freien Datenverkehr und zur Aufhebung der Richtlinie 95/46/EG (Datenschutz-Grundverordnung)},
	url = {https://eur-lex.europa.eu/legal-content/DE/TXT/PDF/?uri=CELEX:32016R0679&from=DE},
	year = {2016},
	urldate = {2018-04-10}
}


@Online{eff,
	author = {Electronic Frontier Foundation},
	title = {Electronic Frontier Foundation | Defending your rights in the digital world},
	url = {https://www.eff.org/},
	year = {2018},
	urldate = {2018-04-10}
}

@Online{ecommerce,
	author = {eCommerce Leitfaden},
	title = {Kapitel 3: Lasst Zahlen sprechen - kontinuierliche Verbesserung durch Web-Controlling},
	url = {https://www.ecommerce-leitfaden.de/ecl-v2/140-kapitel-3-lasst-zahlen-sprechen-kontinuierliche-verbesserung-durch-web-controlling#anchor_3},
	year = {2018},
	urldate = {2018-04-12}
}
